@book {Spivak79,
    AUTHOR = {Spivak, Michael},
     TITLE = {A comprehensive introduction to differential geometry. {V}ol. {III} and {IV}},
   EDITION = {Second},
 PUBLISHER = {Publish or Perish Inc.},
   ADDRESS = {Wilmington, Del.},
      YEAR = {1979},
     PAGES = {xii+466},
      ISBN = {0-914098-83-7},
   MRCLASS = {53-01},
  MRNUMBER = {MR532832 (82g:53003c)},
MRREVIEWER = {M. A. Akivis},
}