@article {PS89,
    AUTHOR = {Pinkall, Ulrich and Sterling, Ivan},
     TITLE = {On the classification of constant mean curvature tori},
   JOURNAL = {Ann. of Math. (2)},
  FJOURNAL = {Annals of Mathematics. Second Series},
    VOLUME = {130},
      YEAR = {1989},
    NUMBER = {2},
     PAGES = {407--451},
      ISSN = {0003-486X},
     CODEN = {ANMAAH},
   MRCLASS = {53A10 (53C42)},
  MRNUMBER = {MR1014929 (91b:53009)},
MRREVIEWER = {Friedrich Sauvigny},
       DOI = {10.2307/1971425},
       URL = {http://dx.doi.org/10.2307/1971425},
}